@incollection{Bengio+chapter2007,
author = {Bengio, Yoshua and LeCun, Yann},
booktitle = {Large Scale Kernel Machines},
publisher = {MIT Press},
title = {Scaling Learning Algorithms Towards {AI}},
year = {2007}
}

@article{Hinton06,
author = {Hinton, Geoffrey E. and Osindero, Simon and Teh, Yee Whye},
journal = {Neural Computation},
pages = {1527--1554},
title = {A Fast Learning Algorithm for Deep Belief Nets},
volume = {18},
year = {2006}
}

@book{goodfellow2016deep,
title={Deep learning},
author={Goodfellow, Ian and Bengio, Yoshua and Courville, Aaron and Bengio, Yoshua},
volume={1},
year={2016},
publisher={MIT Press}
}

@inproceedings{
Oner2019,
title={Weakly Supervised Clustering by Exploiting Unique Class Count},
author={Mustafa Umit Oner and Hwee Kuan Lee and Wing-Kin Sung},
booktitle={International Conference on Learning Representations},
year={2020},
url={https://openreview.net/forum?id=B1xIj3VYvr}
}

@article{wang2014optimized,
  title={Optimized cartesian k-means},
  author={Wang, Jianfeng and Wang, Jingdong and Song, Jingkuan and Xu, Xin-Shun and Shen, Heng Tao and Li, Shipeng},
  journal={IEEE Transactions on Knowledge and Data Engineering},
  volume={27},
  number={1},
  pages={180--192},
  year={2014},
  publisher={IEEE}
}

@inproceedings{ji2019invariant,
  title={Invariant information clustering for unsupervised image classification and segmentation},
  author={Ji, Xu and Henriques, Jo{\~a}o F and Vedaldi, Andrea},
  booktitle={Proceedings of the IEEE/CVF International Conference on Computer Vision},
  pages={9865--9874},
  year={2019}
}

 @article{deng2012mnist,
  title={The mnist database of handwritten digit images for machine learning research},
  author={Deng, Li},
  journal={IEEE Signal Processing Magazine},
  volume={29},
  number={6},
  pages={141--142},
  year={2012},
  publisher={IEEE}
} 

@misc{WeaklySupervisedClusteringCode,
  title = {Weakly {{Supervised Clustering Code}}},
  howpublished = {https://drive.google.com/drive/folders/1vZ3cpM2lV4pKMT3HqsMZa9rKtvhr\_yqJ}
}

@article{xie2008kernel,
  title={Kernel density estimation of traffic accidents in a network space},
  author={Xie, Zhixiao and Yan, Jun},
  journal={Computers, environment and urban systems},
  volume={32},
  number={5},
  pages={396--406},
  year={2008},
  publisher={Elsevier}
}

@article{zagoruyko2016wide,
  title={Wide residual networks},
  author={Zagoruyko, Sergey and Komodakis, Nikos},
  journal={arXiv preprint arXiv:1605.07146},
  year={2016}
}
